@article{doi:10.1093/pan/mpw016,
author = {Santoso, Lie Philip and Stein, Robert and Stevenson, Randy},
title = { Survey Experiments with {Google} {Consumer} {Surveys}: Promise and Pitfalls for Academic Research in Social Science},
journal = {Political Analysis},
volume = {24},
number = {3},
pages = {356},
year = {2016},
doi = {10.1093/pan/mpw016},
URL = { + http://dx.doi.org/10.1093/pan/mpw016},
eprint = {/oup/backfile/Content_public/Journal/pan/24/3/10.1093_pan_mpw016/3/mpw016.pdf}
}
@techreport{varianGoogle2015,
title = {A Hands-on Guide to {Google} Data},
author = {Seth Stephens-Davidowitz and Hal Varian},
institution = {University of California-Berkeley, Information School},
year = {2015},
date= {March 7, 2015},
url = {http://people.ischool.berkeley.edu/~hal/Papers/2015/primer.pdf},
}

@MISC{Google_Inc2016-fj,
	title        = "Google {Surveys} Product Overview: A new approach to online
	market research",
	author       = "{Google, Inc.}",
	year         =  2016,
	howpublished = "\url{http://services.google.com/fh/files/helpcenter/googlesurveys_newonlinemktrsrch_overview_final.pdf}",
	note         = "Accessed: 2017-4-14"
}


@MISC{Google_Inc2017-wi,
	title        = "Google {Surveys} policies",
	author       = "{Google, Inc.}",
	abstract     = "Last updated on January 17, 2017. The policies listed below
	apply to researchers and developers using Google Surveys and
	Google Surveys 360 (collectively ``Google Surveys'') to
	create surveys.",
	month        =  "17~" # jan,
	year         =  2017,
	howpublished = "\url{https://support.google.com/360suite/surveys/answer/2375134?hl=en&ref_topic=6194669}",
	note         = "Accessed: 2017-4-14"
}
